<?xml version="1.0" encoding="UTF-8"?><collection xmlns="http://www.loc.gov/MARC21/slim"><record><leader>00405nam--2200145-i-4500</leader><controlfield tag="001">000007810</controlfield><controlfield tag="002">20161230</controlfield><controlfield tag="005">20161230201027</controlfield><controlfield tag="008">060222s1000------------r-----000-0-eng-d</controlfield><datafield ind1=" " ind2=" " tag="080"><subfield code="a">801.323.1. 802.0.800.92. 681.3.06</subfield></datafield><datafield ind1=" " ind2=" " tag="100"><subfield code="a">Breuer Hans</subfield></datafield><datafield ind1=" " ind2=" " tag="245"><subfield code="a">Dictionary for computer languages</subfield></datafield><datafield ind1=" " ind2=" " tag="260"><subfield code="a">London,Academic Press, 1966 X + 332 P</subfield></datafield><datafield ind1=" " ind2=" " tag="490"><subfield code="a">A.P.I.C. Studies In Data Processing</subfield></datafield><datafield ind1=" " ind2=" " tag="852"><subfield code="a">18456</subfield></datafield></record></collection>